<record><leader>00000cas a22000007a 4500</leader><controlfield tag="001">18650265</controlfield><controlfield tag="008">881020c19759999pauwn ne      0   a0eng c</controlfield><datafield ind1=" " ind2=" " tag="010"><subfield code="a">sn 88079597 </subfield></datafield><datafield ind1=" " ind2=" " tag="040"><subfield code="a">NPH</subfield><subfield code="b">eng</subfield><subfield code="c">NPH</subfield><subfield code="d">NSD</subfield><subfield code="d">OCLCQ</subfield><subfield code="d">UPM</subfield><subfield code="d">OCLCF</subfield></datafield><datafield ind1=" " ind2=" " tag="012"><subfield code="m">1</subfield></datafield><datafield ind1="1" ind2=" " tag="022"><subfield code="a">1053-489X</subfield><subfield code="l">1053-489X</subfield><subfield code="2">1</subfield></datafield><datafield ind1="1" ind2=" " tag="029"><subfield code="a">AU@</subfield><subfield code="b">000025789826</subfield></datafield><datafield ind1=" " ind2=" " tag="032"><subfield code="a">363690</subfield><subfield code="b">USPS</subfield></datafield><datafield ind1=" " ind2=" " tag="042"><subfield code="a">pcc</subfield><subfield code="a">nsdp</subfield></datafield><datafield ind1="0" ind2=" " tag="130"><subfield code="a">Citizen-standard (Valley View, Pa.)</subfield></datafield><datafield ind1=" " ind2="4" tag="222"><subfield code="a">The Citizen standard</subfield></datafield><datafield ind1="0" ind2="4" tag="245"><subfield code="a">The Citizen-standard.</subfield></datafield><datafield ind1="0" ind2="0" tag="246"><subfield code="a">Citizen standard</subfield></datafield><datafield ind1="0" ind2="7" tag="246"><subfield code="a">Valley citizen</subfield></datafield><datafield ind1=" " ind2=" " tag="260"><subfield code="a">Valley View, Pa. :</subfield><subfield code="b">Valley Citizen Co.,</subfield><subfield code="c">1975-</subfield></datafield><datafield ind1=" " ind2=" " tag="300"><subfield code="a">v. :</subfield><subfield code="b">ill. ;</subfield><subfield code="c">34-57 cm.</subfield></datafield><datafield ind1=" " ind2=" " tag="310"><subfield code="a">Weekly (with extra issue each month),</subfield><subfield code="b">&lt;Jan. 24, 1990-&gt;</subfield></datafield><datafield ind1=" " ind2=" " tag="321"><subfield code="a">Weekly,</subfield><subfield code="b">1975-</subfield></datafield><datafield ind1="0" ind2=" " tag="362"><subfield code="a">Vol. 1, no. 1 (Sept. 10, 1975)-</subfield></datafield><datafield ind1=" " ind2=" " tag="500"><subfield code="a">"Serving the citizens of Dauphin, Northumberland and Schuylkill Counties."</subfield></datafield><datafield ind1=" " ind2=" " tag="580"><subfield code="a">Formed by the union of: Standard (Lykens, Pa.); and: Valley citizen (Valley View, Pa. : 1974)</subfield></datafield><datafield ind1=" " ind2="0" tag="651"><subfield code="a">Valley View (Schuylkill County, Pa.)</subfield><subfield code="v">Newspapers.</subfield></datafield><datafield ind1=" " ind2="7" tag="655"><subfield code="a">Newspapers.</subfield><subfield code="2">fast</subfield><subfield code="0">(OCoLC)fst01423814</subfield></datafield><datafield ind1=" " ind2="7" tag="651"><subfield code="a">Pennsylvania</subfield><subfield code="z">Valley View (Schuylkill County)</subfield><subfield code="2">fast</subfield><subfield code="0">(OCoLC)fst01319555</subfield></datafield><datafield ind1=" " ind2=" " tag="752"><subfield code="a">United States</subfield><subfield code="b">Pennsylvania</subfield><subfield code="c">Schuylkill</subfield><subfield code="d">Valley View.</subfield></datafield><datafield ind1=" " ind2=" " tag="752"><subfield code="a">United States</subfield><subfield code="b">Pennsylvania</subfield><subfield code="c">Dauphin.</subfield></datafield><datafield ind1=" " ind2=" " tag="752"><subfield code="a">United States</subfield><subfield code="b">Pennsylvania</subfield><subfield code="c">Northumberland.</subfield></datafield><datafield ind1="1" ind2="4" tag="780"><subfield code="t">Valley citizen (Valley View, Pa. : 1974)</subfield><subfield code="w">(DLC)sn 88079596</subfield></datafield><datafield ind1="1" ind2="4" tag="780"><subfield code="t">Standard (Lykens, Pa.)</subfield><subfield code="w">(DLC)sn 86081212</subfield></datafield><datafield ind1=" " ind2=" " tag="936"><subfield code="a">Vol. 14, no. 17 (Wed., Jan. 24, 1990) LIC</subfield></datafield></record>